<?xml version="1.0" encoding="UTF-8"?>
<ting:container xmlns:ting="http://www.dbc.dk/ting" xmlns:dkabm="http://biblstandard.dk/abm/namespace/dkabm/" xmlns:ac="http://biblstandard.dk/ac/namespace/" xmlns:dkdcplus="http://biblstandard.dk/abm/namespace/dkdcplus/" xmlns:oss="http://oss.dbc.dk/ns/osstypes" xmlns:dc="http://purl.org/dc/elements/1.1/" xmlns:dcterms="http://purl.org/dc/terms/" xmlns:xsi="http://www.w3.org/2001/XMLSchema-instance" xmlns:docbook="http://docbook.org/ns/docbook"><dkabm:record><ac:identifier>005375631|810010</ac:identifier><ac:source>Bibliotekskatalog</ac:source><dc:title>No country for old men</dc:title><dc:title xsi:type="dkdcplus:full">No country for old men</dc:title><dc:creator xsi:type="dkdcplus:aut">Cormac McCarthy (1933-)</dc:creator><dc:creator xsi:type="oss:sort">McCarthy, Cormac (1933-)</dc:creator><dc:subject xsi:type="dcterms:LCSH">Drug traffic</dc:subject><dc:subject>Psychological fiction</dc:subject><dc:subject xsi:type="dcterms:LCSH">Sheriffs</dc:subject><dc:subject>Suspense fiction</dc:subject><dc:subject xsi:type="dcterms:LCSH">Texas</dc:subject><dc:subject xsi:type="dcterms:LCSH">Treasure troves</dc:subject><dc:subject xsi:type="dcterms:LCSH">Treasure-trove</dc:subject><dcterms:audience>voksenmaterialer</dcterms:audience><dkdcplus:version>4. printing</dkdcplus:version><dc:publisher>Knopf</dc:publisher><dc:date>2005</dc:date><dc:type xsi:type="dkdcplus:BibDK-Type">Bog</dc:type><dcterms:extent>309 s.</dcterms:extent><dc:identifier xsi:type="dkdcplus:ISBN">0375406778</dc:identifier><dc:language xsi:type="dcterms:ISO639-2">eng</dc:language><dc:language>Engelsk</dc:language></dkabm:record><marcx:collection xmlns:marcx="info:lc/xmlns/marcxchange-v1"><marcx:record format="danMARC2" type="Bibliographic"><marcx:leader>00000n    2200000   4500</marcx:leader><marcx:datafield tag="001" ind1="0" ind2="0"><marcx:subfield code="a">005375631</marcx:subfield><marcx:subfield code="b">810010</marcx:subfield><marcx:subfield code="f">a</marcx:subfield></marcx:datafield><marcx:datafield tag="002" ind1="0" ind2="0"><marcx:subfield code="d">2004064903</marcx:subfield></marcx:datafield><marcx:datafield tag="004" ind1="0" ind2="0"><marcx:subfield code="r">n</marcx:subfield><marcx:subfield code="a">e</marcx:subfield></marcx:datafield><marcx:datafield tag="008" ind1="0" ind2="0"><marcx:subfield code="t">m</marcx:subfield><marcx:subfield code="a">2005</marcx:subfield><marcx:subfield code="b">us</marcx:subfield><marcx:subfield code="l">eng</marcx:subfield><marcx:subfield code="v">4</marcx:subfield></marcx:datafield><marcx:datafield tag="009" ind1="0" ind2="0"><marcx:subfield code="a">a</marcx:subfield><marcx:subfield code="g">xx</marcx:subfield></marcx:datafield><marcx:datafield tag="021" ind1="0" ind2="0"><marcx:subfield code="a">0375406778</marcx:subfield></marcx:datafield><marcx:datafield tag="043" ind1="0" ind2="0"><marcx:subfield code="a">n-us-tx</marcx:subfield></marcx:datafield><marcx:datafield tag="050" ind1="0" ind2="0"><marcx:subfield code="a">PS3563.C337</marcx:subfield><marcx:subfield code="b">N6 2005</marcx:subfield></marcx:datafield><marcx:datafield tag="082" ind1="0" ind2="0"><marcx:subfield code="a">813</marcx:subfield><marcx:subfield code="b">.54</marcx:subfield><marcx:subfield code="c">22</marcx:subfield></marcx:datafield><marcx:datafield tag="088" ind1="0" ind2="0"><marcx:subfield code="n">VAT</marcx:subfield><marcx:subfield code="f">42</marcx:subfield><marcx:subfield code="t">Engelsk-amerikanske forfattere, enkelte værker</marcx:subfield></marcx:datafield><marcx:datafield tag="096" ind1="0" ind2="0"><marcx:subfield code="z">810010</marcx:subfield></marcx:datafield><marcx:datafield tag="100" ind1="0" ind2="0"><marcx:subfield code="A">MacCarthy</marcx:subfield><marcx:subfield code="a">McCarthy</marcx:subfield><marcx:subfield code="h">Cormac</marcx:subfield><marcx:subfield code="c">1933-</marcx:subfield></marcx:datafield><marcx:datafield tag="245" ind1="0" ind2="0"><marcx:subfield code="a">No country for old men</marcx:subfield><marcx:subfield code="E">Cormac maccarthy</marcx:subfield><marcx:subfield code="e">Cormac McCarthy</marcx:subfield></marcx:datafield><marcx:datafield tag="250" ind1="0" ind2="0"><marcx:subfield code="a">4. printing</marcx:subfield></marcx:datafield><marcx:datafield tag="260" ind1="0" ind2="0"><marcx:subfield code="a">New York</marcx:subfield><marcx:subfield code="b">Knopf</marcx:subfield><marcx:subfield code="c">2005</marcx:subfield></marcx:datafield><marcx:datafield tag="300" ind1="0" ind2="0"><marcx:subfield code="a">309 s.</marcx:subfield><marcx:subfield code="c">22 cm.</marcx:subfield></marcx:datafield><marcx:datafield tag="520" ind1="0" ind2="0"><marcx:subfield code="a">Originalår: 2005</marcx:subfield></marcx:datafield><marcx:datafield tag="590" ind1="0" ind2="0"><marcx:subfield code="a">UMb200508</marcx:subfield></marcx:datafield><marcx:datafield tag="591" ind1="0" ind2="0"><marcx:subfield code="a">gen</marcx:subfield><marcx:subfield code="b">jr</marcx:subfield></marcx:datafield><marcx:datafield tag="593" ind1="0" ind2="0"><marcx:subfield code="a">Starkmann</marcx:subfield></marcx:datafield><marcx:datafield tag="599" ind1="0" ind2="0"><marcx:subfield code="b">UM20051004</marcx:subfield></marcx:datafield><marcx:datafield tag="630" ind1="0" ind2="0"><marcx:subfield code="a">Psychological fiction</marcx:subfield></marcx:datafield><marcx:datafield tag="630" ind1="0" ind2="0"><marcx:subfield code="a">Suspense fiction</marcx:subfield></marcx:datafield><marcx:datafield tag="630" ind1="0" ind2="0"><marcx:subfield code="a">Psychological fiction</marcx:subfield><marcx:subfield code="2">lcsh</marcx:subfield></marcx:datafield><marcx:datafield tag="630" ind1="0" ind2="0"><marcx:subfield code="a">Suspense fiction</marcx:subfield><marcx:subfield code="2">gsafd</marcx:subfield></marcx:datafield><marcx:datafield tag="650" ind1="0" ind2="0"><marcx:subfield code="a">Drug traffic</marcx:subfield><marcx:subfield code="v">Fiction</marcx:subfield></marcx:datafield><marcx:datafield tag="650" ind1="0" ind2="0"><marcx:subfield code="a">Treasure-trove</marcx:subfield><marcx:subfield code="v">Fiction</marcx:subfield></marcx:datafield><marcx:datafield tag="650" ind1="0" ind2="0"><marcx:subfield code="a">Sheriffs</marcx:subfield><marcx:subfield code="v">Fiction</marcx:subfield></marcx:datafield><marcx:datafield tag="650" ind1="0" ind2="0"><marcx:subfield code="a">Treasure troves</marcx:subfield><marcx:subfield code="v">Fiction</marcx:subfield></marcx:datafield><marcx:datafield tag="651" ind1="0" ind2="0"><marcx:subfield code="a">Texas</marcx:subfield><marcx:subfield code="v">Fiction</marcx:subfield></marcx:datafield><marcx:datafield tag="n55" ind1="0" ind2="0"><marcx:subfield code="a">20120419</marcx:subfield></marcx:datafield></marcx:record></marcx:collection><oss:openurl>_BASEURL_url_ctx_fmt=info:ofi/fmt:kev:mtx:ctx&amp;ctx_ver=Z39.88-2004&amp;rft_val_fmt=info:ofi/fmt:kev:mtx:book&amp;rft.btitle=No+country+for+old+men&amp;rft.aulast=McCarthy&amp;rft.aufirst=Cormac+(1933-)&amp;rft.auinit=C(&amp;rft.date=2005&amp;rft.isbn=0375406778&amp;rft.pub=Knopf&amp;rft.edition=4.+printing&amp;rft.genre=book</oss:openurl><holdings><holding><type>record</type><pid>810010-katalog:005375631</pid><dataOwner>810010</dataOwner><format>katalog</format><identifier>005375631</identifier><orderId>005375631</orderId><materialOwner>810010</materialOwner><state>a</state></holding></holdings><adminData><creationDate>2012-04-19</creationDate><libraryType>research</libraryType><indexingAlias>danmarcxchange</indexingAlias><accessType>physical</accessType><collectionIdentifier>810010-katalog</collectionIdentifier><collectionIdentifier>870970-forsk</collectionIdentifier></adminData></ting:container>